@misc{rumbaugh2004unified,
	title={{Unified Modelling Language 2.1.2 Specification}},
	author={Object Management Group},
	howpublished={\url{http://www.omg.org/spec/UML/2.1.2/}},
	note={Accessed 01-01-2016}
}

@incollection{bezivin2006model,
	title={{Model Driven Engineering: An Emerging Technical Space}},
	author={B{\'e}zivin, Jean},
	booktitle={{Generative and Transformational Techniques in Software Engineering}},
	pages={36--64},
	year={2006},
	publisher={Springer}
}

@inproceedings{EOL,
author={Kolovos, Dimitrios S.
and Paige, Richard F.
and Polack, Fiona A. C.},
title={{The Epsilon Object Language (EOL)}},
booktitle={{Model Driven Architecture -- Foundations and Applications: Second European Conference, ECMDA-FA 2006, Bilbao, Spain, July 10-13, 2006. Proceedings}},
year={2006},
publisher={Springer Berlin Heidelberg},
pages={128--142}
}

@incollection{jouault2006transforming,
	year={2006},
	isbn={978-3-540-31780-7},
	booktitle={Satellite Events at the MoDELS 2005 Conference},
	volume={3844},
	series={Lecture Notes in Computer Science},
	doi={10.1007/11663430_14},
	title={Transforming Models with ATL},
	url={http://dx.doi.org/10.1007/11663430_14},
	publisher={Springer Berlin Heidelberg},
	author={Jouault, Frédéric and Kurtev, Ivan},
	pages={128-138},
	language={English}
}

@inproceedings{konigs2005model,
	title={{Model Transformation with Triple Graph Grammars}},
	author={K{\"o}nigs, Alexander},
	booktitle={Proceedings of Model Transformations in Practice Workshop at MoDELs Conference 2005},
	pages={166--182},
	year={2005}
}

@book{steinberg2008emf,
	title={EMF: {Eclipse Modeling Framework}},
	author={Steinberg, Dave and Budinsky, Frank and Merks, Ed and Paternostro, Marcelo},
	year={2008},
	publisher={Pearson Education}
}

@article{matula2003netbeans,
	title={{NetBeans Metadata Repository}},
	author={Matula, Martin},
	journal={{NetBeans Community}},
	year={2003}
}

@misc{dalyemfatic,
	title={{Emfatic Language Reference}},
	howpublished = {\url{http://www.eclipse.org/epsilon/doc/articles/emfatic/}},
	note = {Accessed: 01-01-2016}	
}

@article{watson2008brief,
	title={{A Brief History of MDA}},
	author={Watson, Andrew},
	journal={{Upgrade, the European Journal for the Informatics Professional}},
	volume={9},
	number={2},
	pages={7--11},
	year={2008}
}

@article{jaaksi2002developing,
	title={{Developing Mobile Browsers in a Product Line}},
	author={Jaaksi, Ari},
	journal={IEEE software},
	number={4},
	pages={73--80},
	year={2002},
	volume={19},
	publisher={IEEE}
}

@inproceedings{karna2009evaluating,
	title={{Evaluating the Use of Domain-Specific Modeling in Practice}},
	author={K{\"a}rn{\"a}, Juha and Tolvanen, Juha-Pekka and Kelly, Steven},
	booktitle={{Proceedings of the 9th OOPSLA workshop on Domain-Specific Modeling}},
	year={2009}
}

@incollection{mohagheghi2009mde,
	year={2009},
	isbn={978-3-642-01647-9},
	booktitle={Models in Software Engineering},
	volume={5421},
	series={Lecture Notes in Computer Science},
	editor={Chaudron, Michel R.V.},
	doi={10.1007/978-3-642-01648-6_6},
	title={{MDE Adoption in Industry: Challenges and Success Criteria}},
	url={http://dx.doi.org/10.1007/978-3-642-01648-6_6},
	publisher={Springer Berlin Heidelberg},
	keywords={Model-driven engineering; challenges; domain-specific modeling; performance engineering; traceability},
	author={Mohagheghi, Parastoo and Fernandez, MiguelA. and Martell, JuanA. and Fritzsche, Mathias and Gilani, Wasif},
	pages={54-59},
	language={English}
}

@incollection{baker2005model,
	year={2005},
	isbn={978-3-540-29010-0},
	booktitle={Model Driven Engineering Languages and Systems},
	volume={3713},
	series={Lecture Notes in Computer Science},
	editor={Briand, Lionel and Williams, Clay},
	doi={10.1007/11557432_36},
	title={{Model-Driven Engineering in a Large Industrial Context — Motorola Case Study}},
	url={http://dx.doi.org/10.1007/11557432_36},
	publisher={Springer Berlin Heidelberg},
	author={Baker, Paul and Loh, Shiou and Weil, Frank},
	pages={476-491},
	language={English}
}

@phdthesis{rose2011structures,
	title={{Structures and Processes for Managing Model-Metamodel Co-evolution}},
	author={Rose, Louis M},
	year={2011},
	school={University of York}
}

@ARTICLE{board1993ieee, 
	journal={IEEE Std 1044-1993}, 
	title={{IEEE Standard Classification for Software Anomalies}}, 
	year={1994}, 
	doi={10.1109/IEEESTD.1994.121429}, 
	month={}
}

@phdthesis{livshits2006improving,
	title={Improving software security with precise static and runtime analysis},
	author={Livshits, Benjamin},
	year={2006},
	school={Stanford University}
}

@article{schwartzbach2008lecture,
	title={Lecture notes on static analysis},
	author={Schwartzbach, Michael I},
	journal={Basic Research in Computer Science, University of Aarhus, Denmark},
	year={2008}
}

@inproceedings{mcquillan2009white,
	title={{White-box Coverage Criteria for Model Transformations}},
	author={McQuillan, J and Power, J},
	booktitle={{Proceedings of the First International Workshop on Model Transformation with ATL}},
	pages={63--77},
	year={2009}
}

@INPROCEEDINGS{mottu2012static, 
	author={Mottu, J.-M. and Sen, S. and Tisi, M. and Cabot, J.}, 
	booktitle={IEEE 23rd International Symposium on Software Reliability Engineering (ISSRE), 2012}, 
	title={{Static Analysis of Model Transformations for Effective Test Generation}}, 
	year={2012}, 
	pages={291-300}, 
	doi={10.1109/ISSRE.2012.7}, 
	ISSN={1071-9458}, 
	month={Nov},}

@misc{dresden2006toolkit,
	title={{Dresden OCL}},
	howpublished = {\url{http://www.dresden-ocl.org/index.php/DresdenOCL}},
	note = {Accessed: 01-01-2016}	
}

@misc{eclipse2004emf,
	title={{Eclipse OCL}},
	howpublished = {\url{http://www.eclipse.org/modeling/mdt/?project=ocl}},
	note = {Accessed: 01-01-2016}	
}


@INPROCEEDINGS{sanchez2014uncovering, 
	author={Sanchez Cuadrado, J. and Guerra, E. and de Lara, J.}, 
	booktitle={{IEEE 25th International Symposium on Software Reliability Engineering (ISSRE), 2014}}, 
	title={{Uncovering Errors in ATL Model Transformations Using Static Analysis and Constraint Solving}}, 
	year={2014}, 
	pages={34-44}, 
	doi={10.1109/ISSRE.2014.10}, 
	ISSN={1071-9458}, 
	month={Nov}
}

@article{ujhelyi2015emf,
	title = {{EMF-IncQuery: An integrated development environment for live model queries}},
	journal = {Science of Computer Programming},
	volume = {98, Part 1},
	pages = {80--99},
	year = {2015},
	note = {Fifth issue of Experimental Software and Toolkits (EST): A special issue on Academics Modelling with Eclipse (ACME2012)},
	issn = {0167-6423},
	doi = {http://dx.doi.org/10.1016/j.scico.2014.01.004},
	url = {http://www.sciencedirect.com/science/article/pii/S0167642314000082},
	author={Ujhelyi, Zolt{\'a}n and Bergmann, G{\'a}bor and Heged{\"u}s, {\'A}bel and Horv{\'a}th, {\'A}kos and Izs{\'o}, Benedek and R{\'a}th, Istv{\'a}n and Szatm{\'a}ri, Zolt{\'a}n and Varr{\'o}, D{\'a}niel},
	publisher={Elsevier}
}

@inproceedings{kolovos2008scalability,
	title={{Scalability: The holy grail of model driven engineering}},
	author={Kolovos, Dimitrios S. and Paige, Richard F. and Polack, Fiona AC},
	booktitle={ChaMDE 2008 Workshop Proceedings: International Workshop on Challenges in Model-Driven Software Engineering},
	pages={10--14},
	year={2008}
}

@incollection{rath2009change,
	year={2009},
	isbn={978-3-642-04424-3},
	booktitle={Model Driven Engineering Languages and Systems},
	volume={5795},
	series={Lecture Notes in Computer Science},
	doi={10.1007/978-3-642-04425-0_26},
	title={{Change-Driven Model Transformations}},
	url={http://dx.doi.org/10.1007/978-3-642-04425-0_26},
	publisher={Springer Berlin Heidelberg},
	author={R{\'a}th, Istv{\'a}n and Varr{\'o}, Gergely and Varr{\'o}, D{\'a}niel},
	pages={342-356},
	language={English}
}

@Article{jouault2009towards,
	author={Jouault, Fr{\'e}d{\'e}ric
	and B{\'e}zivin, Jean
	and Barbero, Mika{\"e}l"},
	title={{Towards An Advanced Model-Driven Engineering Toolbox}},
	journal={Innovations in Systems and Software Engineering},
	year={2009},
	volume={5},
	number={1},
	pages={5--12},
	issn={1614-5054},
	doi={10.1007/s11334-009-0082-7}
}

@misc{cdo2012,
	title={{The Connected Data Objects Model Repository (CDO) Project}},
	howpublished={\url{http://www.eclipse.org/cdo/}},
	note = {Accessed: 01-01-2016}	
}

@incollection{pagan2011morsa,
	year={2011},
	isbn={978-3-642-24484-1},
	booktitle={Model Driven Engineering Languages and Systems},
	volume={6981},
	series={Lecture Notes in Computer Science},
	doi={10.1007/978-3-642-24485-8_7},
	title={{Morsa: A Scalable Approach for Persisting and Accessing Large Models}},
	url={http://dx.doi.org/10.1007/978-3-642-24485-8_7},
	publisher={Springer Berlin Heidelberg},
	author={Pag{\'a}n, Javier Espinazo and Cuadrado, Jes{\'u}ss S{\'a}nchez and Molina, Jes{\'u}s Garc{\'\i}a},
	pages={77-92}
}

@misc{huntmongoemf,
	title={{MongoEMF}},
	author={Hunt, Bryan},
	howpublished={\url{http://github.com/BryanHunt/mongo-emf/wiki}},
	note = {Accessed: 01-01-2016}	
}

@article{brambilla2012model,
	title={Model-driven software engineering in practice},
	author={Brambilla, Marco and Cabot, Jordi and Wimmer, Manuel},
	journal={Synthesis Lectures on Software Engineering},
	volume={1},
	number={1},
	pages={1--182},
	year={2012},
	publisher={Morgan \& Claypool Publishers}
}

@Article{bezivin2005unification,
	author={B{\'e}zivin, Jean},
	title={On the unification power of models},
	journal={Software \& Systems Modeling},
	year={2005},
	volume={4},
	number={2},
	pages={171--188},
	issn={1619-1374},
	doi={10.1007/s10270-005-0079-0},
	publisher={Springer}
}

@inproceedings{hutchinson2011empirical,
	author = {Hutchinson, John and Whittle, Jon and Rouncefield, Mark and Kristoffersen, Steinar},
	title = {{Empirical Assessment of MDE in Industry}},
	booktitle = {Proceedings of the 33rd International Conference on Software Engineering},
	series = {ICSE '11},
	year = {2011},
	isbn = {978-1-4503-0445-0},
	location = {Waikiki, Honolulu, HI, USA},
	pages = {471--480},
	numpages = {10},
	url = {http://doi.acm.org/10.1145/1985793.1985858},
	doi = {10.1145/1985793.1985858},
	acmid = {1985858},
	publisher = {ACM},
	address = {New York, NY, USA}
} 

@phdthesis{kolovos2008extensible,
	title={{An Extensible Platform for Specification of Integrated Languages for Model Management}},
	author={Kolovos, Dimitriois},
	year={2008},
	school={University of York}
}

@article{paige2007metamodel,
	author = {Paige, Richard F. and Brooke, Phillip J. and Ostroff, Jonathan S.},
	title = {Metamodel-based Model Conformance and Multiview Consistency Checking},
	journal = {ACM Transactions on Software Engineering and Methodology (TOSEM)},
	issue_date = {July 2007},
	volume = {16},
	number = {3},
	month = jul,
	year = {2007},
	issn = {1049-331X},
	articleno = {11},
	url = {http://doi.acm.org/10.1145/1243987.1243989},
	doi = {10.1145/1243987.1243989},
	acmid = {1243989},
	publisher = {ACM},
	address = {New York, NY, USA}
} 

@misc{omg2000metadata,
	title={{XML Metadata Interchange (XMI) Specification}},
	author={Object Management Group},
	howpublished={\url{http://www.istr.unican.es/pyemofuc/PyEmofUCFiles/XMI_formal-14-04-04.pdf}},
	note = {Accessed: 01-01-2016}	
}

@misc{specification2006object,
	title={{Object Constraint Language}},
	author={{Object Management Group}},
	howpublished={\url{http://www.omg.org/spec/OCL/}},
	note = {Accessed: 01-01-2016}	
}

@inproceedings{alvarez2001mml,
	title={MML and the Metamodel Architecture},
	author={{\'A}lvarez, Jos{\'e} and Evans, Andy and Sammut, Paul},
	booktitle={WTUML: Workshop on Transformation in UML},
	year={2001},
	organization={Citeseer}
}

@incollection{cabot2012object,
	year={2012},
	isbn={978-3-642-30981-6},
	booktitle={Formal Methods for Model-Driven Engineering},
	volume={7320},
	series={Lecture Notes in Computer Science},
	doi={10.1007/978-3-642-30982-3_3},
	title={{Object Constraint Language (OCL): A Definitive Guide}},
	publisher={Springer Berlin Heidelberg},
	author={Cabot, Jordi and Gogolla, Martin},
	pages={58-90}
}

@article{van2000domain,
	title={{Domain-Specific Languages: An Annotated Bibliography}},
	author={Van Deursen, Arie and Klint, Paul and Visser, Joost},
	journal={Sigplan Notices},
	volume={35},
	number={6},
	pages={26--36},
	year={2000}
}

@misc{white2004introduction,
	title={Introduction to {BPMN}},
	author={White, Stephen A},
	howpublished={\url{https://www.ibm.com/developerworks/community/files/basic/anonymous/api/library/7624eb5a-089a-41bf-9b71-b3c33739e18d/document/e908d328-7b50-40e3-8107-70af4e6bb48f/media}},
	note = {Accessed: 01-01-2016}		
}

@misc{iacob2012archimate,
	title={{ArchiMate 2.1 Specification}},
	author={The Open Group},
	howpublished={\url{http://pubs.opengroup.org/architecture/archimate2-doc/}},
	note = {Accessed: 01-01-2016}		
}

@INPROCEEDINGS{marte2007profile, 
	author={Faugere, M. and Bourbeau, T. and De Simone, R. and Gerard, S.}, 
	booktitle={12th IEEE International Conference on Engineering Complex Computer Systems, 2007.}, 
	title={{MARTE: Also an UML Profile for Modeling AADL Applications}}, 
	year={2007}, 
	pages={359-364}, 
	doi={10.1109/ICECCS.2007.29}, 
	month={July}
}

@inproceedings{gray2010model,
	author = {Gray, Jeff and White, Jules and Gokhale, Aniruddha},
	title = {{Model-driven Engineering: Raising the Abstraction Level Through Domain-specific Modeling}},
	booktitle = {Proceedings of the 48th Annual Southeast Regional Conference},
	series = {ACM SE '10},
	year = {2010},
	isbn = {978-1-4503-0064-3},
	location = {Oxford, Mississippi},
	pages = {1:1--1:2},
	articleno = {1},
	numpages = {2},
	url = {http://doi.acm.org/10.1145/1900008.1900010},
	doi = {10.1145/1900008.1900010},
	acmid = {1900010},
	publisher = {ACM},
	address = {New York, NY, USA},
} 

@misc{omgmof,
	title={{Meta Object Facility}},
	author={Object Management Group},
	howpublished={\url{http://www.omg.org/mof/}},
	note = {Accessed: 01-01-2016}		
}

@misc{Microsoft,
	author = {Microsoft},
	title = {{Microsoft Domain Specific Languages}},
	howpublished = {\url{https://msdn.microsoft.com/en-us/library/dd361847.aspx}},
	note = {Accessed: 01-01-2016}		
}

@INPROCEEDINGS{ledeczi2001generic,
	author = {Akos Ledeczi and Miklos Maroti and Arpad Bakay and Gabor Karsai and Jason Garrett and Charles Thomason and Greg Nordstrom and Jonathan Sprinkle and Peter Volgyesi},
	title = {{The Generic Modeling Environment}},
	booktitle = {Workshop on Intelligent Signal Processing},
	volume={17},
	pages={1--6},
	year = {2001}
}

@TechReport{sendall2003model,
	affiliation = {EPFL},
	author      = {Sendall, Shane and Kozaczynski, Wojtek},
	details     = {http://infoscience.epfl.ch/record/52559},
	documenturl = {http://infoscience.epfl.ch/record/52559/files/IC_TECH_REPORT_200352.pdf},
	oai-id      = {oai:infoscience.epfl.ch:52559},
	oai-set     = {driver},
	status      = {PUBLISHED},
	title       = {Model {T}ransformation the {H}eart and {S}oul of
	{M}odel-{D}riven {S}oftware {D}evelopment},
	unit        = {LGL},
	year        = 2003
}

@book{kleppe2003mda,
	title={{MDA Explained: the Model Driven Architecture: Practice and Promise}},
	author={Kleppe, Anneke G and Warmer, Jos B and Bast, Wim},
	year={2003},
	publisher={Addison-Wesley Professional}
}

@incollection{kolovos2006merging,
	year={2006},
	isbn={978-3-540-45772-5},
	booktitle={Model Driven Engineering Languages and Systems},
	volume={4199},
	series={Lecture Notes in Computer Science},
	title={{Merging Models with the Epsilon Merging Language (EML)}},
	url={http://dx.doi.org/10.1007/11880240_16},
	publisher={Springer Berlin Heidelberg},
	author={Kolovos, DimitriosS. and Paige, RichardF. and Polack, FionaA.C.},
	pages={215-229}
}

@article{mens2006taxonomy,
	title = {{A Taxonomy of Model Transformation}},
	journal = {Electronic Notes in Theoretical Computer Science},
	volume = {152},
	pages = {125--142},
	year = {2006},
	note = {Proceedings of the International Workshop on Graph and Model Transformation (GraMoT 2005) Graph and Model Transformation 2005},
	author = {Tom Mens and Pieter Van Gorp}
}

@book{bettini2013implementing,
	title={{Implementing Domain-Specific Languages with Xtext and Xtend}},
	author={Bettini, Lorenzo},
	year={2013},
	publisher={Packt Publishing Ltd}
}

@inproceedings{falleri2006towards,
	TITLE = {{Towards a Traceability Framework for Model Transformations in Kermeta}},
	AUTHOR = {Falleri, Jean-R{\'e}my and Huchard, Marianne and Nebut, Clementine},
	URL = {http://hal-lirmm.ccsd.cnrs.fr/lirmm-00102855},
	BOOKTITLE = {{ECMDA-TW'06: ECMDA Traceability Workshop}},
	ADDRESS = {Bilbao (Spain)},
	HAL_LOCAL_REFERENCE = {13104},
	PUBLISHER = {{Sintef ICT, Norway}},
	PAGES = {31-40},
	YEAR = {2006},
	MONTH = Jul,
	PDF = {http://hal-lirmm.ccsd.cnrs.fr/lirmm-00102855/file/D680.PDF},
	HAL_ID = {lirmm-00102855},
	HAL_VERSION = {v1},
}

@inproceedings{akehurst2004transformations,
	title={{Transformations Based on Relations}},
	author={Akehurst, D.H.},
	booktitle={ECOOP 2004 Workshop Reader, Workshop on Model Driven Development (WMDD 2004)},
	year={2004}
}

@inproceedings{willink2003umlx,
	title={{UMLX: A Graphical Transformation Language for MDA}},
	author={Willink, Edward D},
	booktitle={Proceedings of the Workshop on Model Driven Architecture: Foundations and Applications},
	pages={13--24},
	year={2003}
}

@incollection{willink2013yet,
	year={2013},
	isbn={978-3-642-38882-8},
	booktitle={Theory and Practice of Model Transformations},
	volume={7909},
	series={Lecture Notes in Computer Science},
	doi={10.1007/978-3-642-38883-5_8},
	title={{Yet Another Three QVT Languages}},
	url={http://dx.doi.org/10.1007/978-3-642-38883-5_8},
	publisher={Springer Berlin Heidelberg},
	author={Willink, Edward and Hoyos, Horacio and Kolovos, Dimitris},
	pages={58-59}
}

@article{lohmann2007applying,
	title={{Applying Triple Graph Grammars For Pattern-Based Workflow Model Transformations}},
	author={Lohmann, Carsten and Greenyer, Joel and Jiang, Juanjuan and Syst{\"a}, Tarja},
	journal={Journal of Object Technology},
	volume={6},
	number={9},
	pages={253--273},
	year={2007}
}

@article{patrascoiu2004embedding,
	title={{Embedding OCL expressions in YATL}},
	author={Patrascoiu, Octavian and Rodgers, Peter},
	journal={Proc. OCL and Model Driven Engineering wokshop, UML’04},
	year={2004}
}

@incollection{jouault2008atl,
	year={2006},
	isbn={978-3-540-31780-7},
	booktitle={Satellite Events at the MoDELS 2005 Conference},
	volume={3844},
	series={Lecture Notes in Computer Science},
	editor={Bruel, Jean-Michel},
	doi={10.1007/11663430_14},
	title={{Transforming Models with ATL}},
	url={http://dx.doi.org/10.1007/11663430_14},
	publisher={Springer Berlin Heidelberg},
	author={Jouault, Fr{\'e}d{\'e}ric and Allilaire, Freddy and B{\'e}zivin, Jean and Kurtev, Ivan},
	pages={128-138}
}

@incollection{kolovos2008epsilon,
	year={2008},
	isbn={978-3-540-69926-2},
	booktitle={Theory and Practice of Model Transformations},
	volume={5063},
	series={Lecture Notes in Computer Science},
	title={{The Epsilon Transformation Language}},
	url={http://dx.doi.org/10.1007/978-3-540-69927-9_4},
	publisher={Springer Berlin Heidelberg},
	author={Kolovos, DimitriosS. and Paige, RichardF. and Polack, FionaA.C.},
	pages={46-60},
	language={English}
}


@article{kolovos2003update,
	title={Update transformations in the small with the epsilon wizard language},
	author={Kolovos, Dimitrios S and Paige, Richard F and Polack, Fiona AC and Rose, Louis M},
	journal={Journal of Object Technology (JOT)},
	volume = {6},
	number={9},
	pages={53--69},
	year={2003},
	publisher={Citeseer}
}

@incollection{geiss2008grgen,
	year={2008},
	isbn={978-3-540-89019-5},
	booktitle={Applications of Graph Transformations with Industrial Relevance},
	volume={5088},
	series={Lecture Notes in Computer Science},
	doi={10.1007/978-3-540-89020-1_38},
	title={{GrGen.NET: A Fast, Expressive, and General Purpose Graph Rewrite Tool}},
	url={http://dx.doi.org/10.1007/978-3-540-89020-1_38},
	publisher={Springer Berlin Heidelberg},
	author={Gei{\ss}, Rubino and Kroll, Moritz},
	pages={568-569},
	language={English}
}

@incollection{taentzer2004agg,
	year={2004},
	isbn={978-3-540-22120-3},
	booktitle={Applications of Graph Transformations with Industrial Relevance},
	volume={3062},
	series={Lecture Notes in Computer Science},
	doi={10.1007/978-3-540-25959-6_35},
	title={{AGG: A Graph Transformation Environment for Modeling and Validation of Software}},
	url={http://dx.doi.org/10.1007/978-3-540-25959-6_35},
	publisher={Springer Berlin Heidelberg},
	author={Taentzer, Gabriele},
	pages={446-453}
}

@misc{acceleoEclipse,
	title={Acceleo},
	author={beo group},
	howpublished={\url{http://www.eclipse.org/acceleo/}},
	note={Accessed: 01-01-2016}
}

@article{klatt2007xpand,
	title={{Xpand: A Closer Look At the Model2text Transformation Language}},
	author={Klatt, Benjamin},
	journal={Language},
	volume={10},
	number={16},
	pages={2008},
	year={2007}
}

@incollection{rose2008epsilon,
	year={2008},
	isbn={978-3-540-69095-5},
	booktitle={Model Driven Architecture – Foundations and Applications},
	volume={5095},
	series={Lecture Notes in Computer Science},
	doi={10.1007/978-3-540-69100-6_1},
	title={{The Epsilon Generation Language}},
	url={http://dx.doi.org/10.1007/978-3-540-69100-6_1},
	publisher={Springer Berlin Heidelberg},
	author={Rose, Louis M. and Paige, Richard F. and Kolovos, Dimitrios S. and Polack, Fiona A.C.},
	pages={1-16},
	language={English}
}

@book{parr2007definitive,
	title={{The definitive ANTLR reference: building domain-specific languages}},
	author={Parr, Terence},
	year={2007},
	publisher={Pragmatic Bookshelf Raleigh}
}

@inproceedings{eysholdt2010xtext,
	author = {Eysholdt, Moritz and Behrens, Heiko},
	title = {{Xtext: Implement Your Language Faster Than the Quick and Dirty Way}},
	booktitle = {Proceedings of the ACM International Conference Companion on Object Oriented Programming Systems Languages and Applications Companion},
	series = {OOPSLA '10},
	year = {2010},
	isbn = {978-1-4503-0240-1},
	location = {Reno/Tahoe, Nevada, USA},
	pages = {307--309},
	numpages = {3},
	url = {http://doi.acm.org/10.1145/1869542.1869625},
	doi = {10.1145/1869542.1869625},
	acmid = {1869625},
	publisher = {ACM},
	address = {New York, NY, USA}
}



@incollection{dresden2008software,
	year={2013},
	isbn={978-3-642-35991-0},
	booktitle={Generative and Transformational Techniques in Software Engineering IV},
	volume={7680},
	series={Lecture Notes in Computer Science},
	doi={10.1007/978-3-642-35992-7_9},
	title={{Model-Based Language Engineering with EMFText}},
	url={http://dx.doi.org/10.1007/978-3-642-35992-7_9},
	publisher={Springer Berlin Heidelberg},
	author={Heidenreich, Florian and Johannes, Jendrik and Karol, Sven and Seifert, Mirko and Wende, Christian},
	pages={322-345}
}

@INPROCEEDINGS{klint2009rascal, 
	author={Klint, P. and van der Storm, T. and Vinju, J.}, 
	booktitle={Source Code Analysis and Manipulation, 2009. SCAM '09. Ninth IEEE International Working Conference on}, 
	title={{RASCAL: A Domain Specific Language for Source Code Analysis and Manipulation}}, 
	year={2009}, 
	pages={168-177}, 
	doi={10.1109/SCAM.2009.28}, 
	month={Sept}
}

@article{kats2010domain,
	title = {{Domain-Specific Languages for Composable Editor Plugins}},
	journal = {Electronic Notes in Theoretical Computer Science},
	volume = {253},
	number = {7},
	pages = {149--163},
	year = {2010},
	note = {Proceedings of the Ninth Workshop on Language Descriptions Tools and Applications (LDTA 2009) },
	author={Kats, Lennart CL and Kalleberg, Karl T and Visser, Eelco}
}

@inproceedings{lange2003empirical,
	title={{An Empirical Investigation in Quantifying Inconsistency and Incompleteness of UML Designs}},
	author={Lange, Christian and Chaudron, MRV and Muskens, Johan and Somers, LJ and Dortmans, HM},
	booktitle={Workshop Consistency Problems in UML-based Software Development II},
	pages={26--34},
	year={2003}
}

@incollection{kolovos2009evolution,
	year={2009},
	isbn={978-3-642-11446-5},
	booktitle={Rigorous Methods for Software Construction and Analysis},
	volume={5115},
	series={Lecture Notes in Computer Science},
	doi={10.1007/978-3-642-11447-2_13},
	title={{On the Evolution of OCL for Capturing Structural Constraints in Modelling Languages}},
	url={http://dx.doi.org/10.1007/978-3-642-11447-2_13},
	publisher={Springer Berlin Heidelberg},
	author={Kolovos, DimitriosS. and Paige, RichardF. and Polack, FionaA.C.},
	pages={204-218}
}

@article{nentwich2003flexible,
	author = {Nentwich, Christian and Emmerich, Wolfgang and Finkelsteiin, Anthony and Ellmer, Ernst},
	title = {{Flexible Consistency Checking}},
	journal = {ACM Trans. Softw. Eng. Methodol.},
	issue_date = {January 2003},
	volume = {12},
	number = {1},
	month = jan,
	year = {2003},
	issn = {1049-331X},
	pages = {28--63},
	numpages = {36},
	url = {http://doi.acm.org/10.1145/839268.839271},
	doi = {10.1145/839268.839271},
	acmid = {839271},
	publisher = {ACM},
	address = {New York, NY, USA}
}

@inproceedings{insa2003pragmatic,
	title={{A Pragmatic View About Consistency Checking of UML Models}},
	author={Sourrouille, Jean Louis and Caplat, Guy},
	booktitle={Proceedings of the Workshop on Consistency Problems in UML-Based Software Development},
	pages={43--50},
	year={2003}
}

@article{haesen2005implementing,
	title={Implementing Consistency Management Techniques for Conceptual Modeling},
	author={Haesen, Raf and Snoeck, Monique},
	journal={Proc. 3rd Wordshop on Consistency Problems in UML-Based Software Development},
	year={2004}
}

@incollection{kolovos2009establishing,
	year={2009},
	isbn={978-3-642-02673-7},
	booktitle={Model Driven Architecture - Foundations and Applications},
	volume={5562},
	series={Lecture Notes in Computer Science},
	doi={10.1007/978-3-642-02674-4_11},
	title={{Establishing Correspondences between Models with the Epsilon Comparison Language}},
	url={http://dx.doi.org/10.1007/978-3-642-02674-4_11},
	publisher={Springer Berlin Heidelberg},
	author={Kolovos, Dimitrios S.},
	pages={146-157}
}

@inproceedings{pietsch2009sidiff,
	author = {Schmidt, Maik and Gloetzner, Tilman},
	title = {Constructing Difference Tools for Models Using the SiDiff Framework},
	booktitle = {Companion of the 30th International Conference on Software Engineering},
	series = {ICSE Companion '08},
	year = {2008},
	isbn = {978-1-60558-079-1},
	location = {Leipzig, Germany},
	pages = {947--948},
	numpages = {2},
	url = {http://doi.acm.org/10.1145/1370175.1370201},
	doi = {10.1145/1370175.1370201},
	acmid = {1370201},
	publisher = {ACM},
	address = {New York, NY, USA},
	keywords = {difference tool, domain-specific languages, framework, sidiff, user interface, visual language},
} 

@misc{compare2012emf,
	title={{EMF Compare}},
	howpublished={\url{https://www.eclipse.org/emf/compare/}},
	note={Accessed 01-01-2016}
}


@article{bezivin2005introduction,
	title={{An Introduction to the Atlas Model Management Architecture}},
	author={B{\'e}zivin, Jean and Jouault, Fr{\'e}d{\'e}ric and Touzet, David},
	journal={Rapport de recherche},
	number={05.01},
	pages={10--49},
	year={2005}
}

@incollection{benelallam2014neo4emf,
	year={2014},
	isbn={978-3-319-09194-5},
	booktitle={Modelling Foundations and Applications},
	volume={8569},
	series={Lecture Notes in Computer Science},
	doi={10.1007/978-3-319-09195-2_15},
	title={{Neo4EMF, A Scalable Persistence Layer for EMF Models}},
	url={http://dx.doi.org/10.1007/978-3-319-09195-2_15},
	publisher={Springer International Publishing},
	author={Benelallam, Amine and Gómez, Abel and Sunyé, Gerson and Tisi, Massimo and Launay, David},
	pages={230-241}
}

@book{sadalage2012nosql,
	title={{NoSQL Distilled: A Brief Guide to the Emerging World of Polyglot Persistence}},
	author={Sadalage, Pramod J and Fowler, Martin},
	year={2012},
	publisher={Pearson Education}
}

@misc{eclipseofficial,
	title={Graphical Modellin Project},
	howpublished={\url{http://www.eclipse.org/modeling/gmp/}},
	note={Accessed 01-01-2016}
}

@inproceedings{bruneliere2010modisco,
	author = {Bruneliere, Hugo and Cabot, Jordi and Jouault, Fr{\'e}d{\'e}ric and Madiot, Fr{\'e}d{\'e}ric},
	title = {{MoDisco: A Generic and Extensible Framework for Model Driven Reverse Engineering}},
	booktitle = {Proceedings of the IEEE/ACM International Conference on Automated Software Engineering},
	series = {ASE '10},
	year = {2010},
	isbn = {978-1-4503-0116-9},
	location = {Antwerp, Belgium},
	pages = {173--174},
	numpages = {2},
	url = {http://doi.acm.org/10.1145/1858996.1859032},
	doi = {10.1145/1858996.1859032},
	acmid = {1859032},
	publisher = {ACM},
	address = {New York, NY, USA}
} 

@inproceedings{vieira2011static,
	title={{A Static Analyzer for Model Transformations}},
	author={Vieira, Andreza and Ramalho, Franklin},
	booktitle={{Third International Workshop on Model Transformations with ATL}},
	year={2011},
	organization={Citeseer}
}

@incollection{kolovos2009grand,
	year={2009},
	isbn={978-3-642-01647-9},
	booktitle={Models in Software Engineering},
	volume={5421},
	series={Lecture Notes in Computer Science},
	editor={Chaudron, MichelR.V.},
	doi={10.1007/978-3-642-01648-6_5},
	title={{The Grand Challenge of Scalability for Model Driven Engineering}},
	url={http://dx.doi.org/10.1007/978-3-642-01648-6_5},
	publisher={Springer Berlin Heidelberg},
	author={Kolovos, DimitriosS. and Paige, RichardF. and Polack, FionaA.C.},
	pages={48-53},
	language={English}
}


@inproceedings{barmpis2013hawk,
	author = {Barmpis, Konstantinos and Kolovos, Dimitris},
	title = {{Hawk: Towards a Scalable Model Indexing Architecture}},
	booktitle = {Proceedings of the Workshop on Scalability in Model Driven Engineering},
	series = {BigMDE '13},
	year = {2013},
	isbn = {978-1-4503-2165-5},
	location = {Budapest, Hungary},
	pages = {6:1--6:9},
	articleno = {6},
	numpages = {9},
	url = {http://doi.acm.org/10.1145/2487766.2487771},
	doi = {10.1145/2487766.2487771},
	acmid = {2487771},
	publisher = {ACM},
	address = {New York, NY, USA}
} 

@incollection{besson2009certified,
	year={2009},
	isbn={978-3-642-03828-0},
	booktitle={Foundations of Security Analysis and Design V},
	volume={5705},
	series={Lecture Notes in Computer Science},
	doi={10.1007/978-3-642-03829-7_8},
	title={{Certified Static Analysis by Abstract Interpretation}},
	url={http://dx.doi.org/10.1007/978-3-642-03829-7_8},
	publisher={Springer Berlin Heidelberg},
	author={Besson, Frédéric and Cachera, David and Jensen, Thomas and Pichardie, David},
	pages={223-257},
	language={English}
}

@incollection{dean1995optimization,
	year={1995},
	isbn={978-3-540-60160-9},
	booktitle={ECOOP’95 — Object-Oriented Programming, 9th European Conference, Åarhus, Denmark, August 7–11, 1995},
	volume={952},
	series={Lecture Notes in Computer Science},
	doi={10.1007/3-540-49538-X_5},
	title={{Optimization of Object-Oriented Programs Using Static Class Hierarchy Analysis}},
	url={http://dx.doi.org/10.1007/3-540-49538-X_5},
	publisher={Springer Berlin Heidelberg},
	author={Dean, Jeffrey and Grove, David and Chambers, Craig},
	pages={77-101}
}

@article{levine2009defining,
	title={{Defining Defects, Errors, and Service Degradations}},
	author={Levine, Gertrude Neuman},
	journal={ACM SIGSOFT Software Engineering Notes},
	volume={34},
	number={2},
	pages={1--14},
	year={2009},
	publisher={ACM}
}

@phdthesis{xie2006static,
	title={{Static Detection of Software Errors}},
	author={Xie, Yichen},
	year={2006},
	school={Citeseer}
}

@article{tassey2002economic,
	title={The economic impacts of inadequate infrastructure for software testing},
	author={Tassey, Gregory},
	journal={National Institute of Standards and Technology, RTI Project},
	volume={7007},
	number={011},
	year={2002},
	publisher={Citeseer}
}

@article{luo2001software,
	title={{Software Testing Techniques}},
	author={Luo, Lu},	
	journal={Institute for software research international Carnegie mellon university Pittsburgh, PA},
	volume={15232},
	number={1-19},
	pages={19},
	year={2001}
}

@inproceedings{ernst2003static,
	title={{Static and Dynamic Analysis: Synergy and duality}},
	author={Ernst, Michael D},
	booktitle={WODA 2003: ICSE Workshop on Dynamic Analysis},
	pages={24--27},
	year={2003},
	organization={Citeseer}
}

@phdthesis{henry2014static,
	title={Static Analysis by Abstract Interpretation and Decision Procedures},
	author={HENRY, Julien},
	year={2014},
	school={Universit{\'e} de Grenoble}
}

@inproceedings{venet2010static,
	author = {Venet, Arnaud J. and Lowry, Michael R.},
	title = {{Static Analysis for Software Assurance: Soundness, Scalability and Adaptiveness}},
	booktitle = {Proceedings of the FSE/SDP Workshop on Future of Software Engineering Research},
	series = {FoSER '10},
	year = {2010},
	isbn = {978-1-4503-0427-6},
	location = {Santa Fe, New Mexico, USA},
	pages = {393--396},
	numpages = {4},
	url = {http://doi.acm.org/10.1145/1882362.1882442},
	doi = {10.1145/1882362.1882442},
	acmid = {1882442},
	publisher = {ACM},
	address = {New York, NY, USA}
}

@article{emanuelsson2008comparative,
	title={{A Comparative Study of Industrial Static Analysis Tools}},
	author={Emanuelsson, P{\"a}r and Nilsson, Ulf},
	journal={Electronic notes in theoretical computer science},
	volume={217},
	pages={5--21},
	year={2008},
	publisher={Elsevier}
}

@misc{AdaCore,
	title = {{CodePeer}},
	howpublished = {\url{http://www.adacore.com/codepeer}},
	note={Accessed 01-01-2016}
}

@phdthesis{hofer2010evaluating,
	title={{Evaluating Static Source Code Analysis Tools}},
	author={Hofer, Thomas},
	year={2010},
	school={Citeseer}
}

@book{davey2002introduction,
	title={{Introduction to Lattices and Order}},
	author={Davey, Brian A and Priestley, Hilary A},
	year={2002},
	publisher={Cambridge university press}
}

@article{tarski1955lattice,
	title={{A Lattice-theoretical Fixpoint Theorem and Its Applications}},
	author={Tarski, Alfred and others},
	journal={Pacific journal of Mathematics},
	volume={5},
	number={2},
	pages={285--309},
	year={1955}
}

@article{wogerer2005survey,
	title={A survey of static program analysis techniques},
	author={W{\"o}gerer, Wolfgang},
	journal={Vienna University of Technology},
	year={2005},
	publisher={Citeseer}
}

@inproceedings{cousot1977abstract,
	title={{Abstract Interpretation: A Unified Lattice Model for Static Analysis of Programs by Construction or Approximation of Fixpoints}},
	author={Cousot, Patrick and Cousot, Radhia},
	booktitle={Proceedings of the 4th ACM SIGACT-SIGPLAN symposium on Principles of programming languages},
	pages={238--252},
	year={1977},
	organization={ACM}
}

@article{bush2000static,
	title={{A Static Analyzer for Finding Dynamic Programming Errors}},
	author={Bush, William R and Pincus, Jonathan D and Sielaff, David J},
	journal={Software-Practice and Experience},
	volume={30},
	number={7},
	pages={775--802},
	year={2000}
}

@book{johnson1977lint,
	title={{Lint, a C Program Checker}},
	author={Johnson, Stephen C},
	year={1977},
	publisher={Citeseer}
}

@article{evans1994lclint,
	title={{LCLint: A Tool for Using Specifications to Check Code}},
	author={Evans, David and Guttag, John and Horning, James and Tan, Yang Meng},
	journal={ACM SIGSOFT Software Engineering Notes},
	volume={19},
	number={5},
	pages={87--96},
	year={1994},
	
}

@article{hovemeyer2004finding,
	title={{Finding Bugs Is Easy}},
	author={Hovemeyer, David and Pugh, William},
	journal={ACM Sigplan Notices},
	volume={39},
	number={12},
	pages={92--106},
	year={2004},
	publisher={ACM}
}

@misc{eclipseJDESpec,
	title = {{Eclipse JDT API Specification}},
	howpublished = {\url{http://help.eclipse.org/juno/index.jsp?topic=%2Forg.eclipse.jdt.doc.isv%2Freference%2Fapi%2Foverview-summary.html}},
	note = {Accessed: 28/10/2015}
}

@inproceedings{demuth2004dresden,
	title={{The Dresden OCL Toolkit and Its Role in Information Systems Development}},
	author={Demuth, Birgit},
	booktitle={Proc. of the 13th International Conference on Information Systems Development (ISD’2004)},
	volume={7},
	year={2004}
}

@ARTICLE{mitra2006xpand, 
	author={Mitra, S. and Kee Sup Kim}, 
	journal={Computers, IEEE Transactions on}, 
	title={{XPAND: an efficient test stimulus compression technique}}, 
	year={2006}, 
	volume={55}, 
	number={2}, 
	pages={163-173}, 
	doi={10.1109/TC.2006.31}, 
	ISSN={0018-9340}, 
	month={Feb}
}

@misc{musset2006acceleo,
	title={{Acceleo User Guide}},
	author={Musset, Jonathan and Juliot, {\'E}tienne and Lacrampe, St{\'e}phane and Piers, William and Brun, C{\'e}dric and Goubet, Laurent and Lussaud, Yvan and Allilaire, Freddy},
	howpublished={\url{http://www.acceleo.org/doc/obeo/en/acceleo-2.6-user-guide.pdf}},
	note={Accessed 01-01-2016}
}


@incollection{kolovos2012lightweight,
	year={2012},
	isbn={978-3-642-31490-2},
	booktitle={Modelling Foundations and Applications},
	volume={7349},
	series={Lecture Notes in Computer Science},
	doi={10.1007/978-3-642-31491-9_11},
	title={{A Lightweight Approach for Managing XML Documents with MDE Languages}},
	url={http://dx.doi.org/10.1007/978-3-642-31491-9_11},
	publisher={Springer Berlin Heidelberg},
	author={Kolovos, DimitriosS. and Rose, LouisM. and Williams, James and Matragkas, Nicholas and Paige, RichardF.},
	pages={118-132},
	language={English}
}

@incollection{tisi2009use,
	year={2009},
	isbn={978-3-642-02673-7},
	booktitle={Model Driven Architecture - Foundations and Applications},
	volume={5562},
	series={Lecture Notes in Computer Science},
	doi={10.1007/978-3-642-02674-4_3},
	title={{On the Use of Higher-Order Model Transformations}},
	url={http://dx.doi.org/10.1007/978-3-642-02674-4_3},
	publisher={Springer Berlin Heidelberg},
	author={Tisi, Massimo and Jouault, Fr{\'e}d{\'e}ric and Fraternali, Piero and Ceri, Stefano and B{\'e}zivin, Jean},
	pages={18-33},
	language={English}
}

@article{willink2011modeling,
	title={{Modeling the OCL Standard Library}},
	author={Willink, Edward and Cabot, Jordi and Claris{\'o}, Robert and Gogolla, Martin and Wolff, Burkhart and Margaria, Tiziana and Padberg, Julia and Taentzer, Gabriele},
	journal={{ECEASST}},
	volume={44},
	year={2011},
	publisher={Citeseer}
}

@incollection{jensen2009type,
	year={2009},
	isbn={978-3-642-03236-3},
	booktitle={Static Analysis},
	volume={5673},
	series={Lecture Notes in Computer Science},
	doi={10.1007/978-3-642-03237-0_17},
	title={{Type Analysis for JavaScript}},
	url={http://dx.doi.org/10.1007/978-3-642-03237-0_17},
	publisher={Springer Berlin Heidelberg},
	author={Jensen, Simon Holm and M{\o}ller, Anders and Thiemann, Peter},
	pages={238-255},
	language={English}
}

@misc{eclipseoclUserGuide,
	title={{Eclipse OCL User Guide}},
	howpublished={\url{http://help.eclipse.org/juno/index.jsp?topic=%2Forg.eclipse.ocl.doc%2Fhelp%2FUsersGuide.html}},
	note={Accessed 01-01-2016}
}

@inproceedings{willink2011aligning,
	title={{Aligning OCL with UML}},
	author={Willink, Edward and Cabot, Jordi and Claris{\'o}, Robert and Gogolla, Martin and Wolff, Burkhart},
	booktitle={{OCL 2011 Workshop}},
	year={2011},
	publisher={Citeseer}
}

@misc{eclipseuml2,
	title={UML2},
	howpublished={\url{https://eclipse.org/modeling/mdt/?project=uml2}},
	note={Accessed 01-01-2016}
}

@misc{qvtrfp,
	title={{MOF 2.0 Query/Views/Transformations RFP}},
	author={Object Management Group},
	howpublished={\url{http://www.omg.org/cgi-bin/doc?ad/2002-4-10}},
	note={Accessed 01-01-2016}
}


@inproceedings{jouault2006tcs,
	author = {Jouault, Fr{\'e}d{\'e}ric and B{\'e}zivin, Jean and Kurtev, Ivan},
	title = {{TCS:: A DSL for the Specification of Textual Concrete Syntaxes in Model Engineering}},
	booktitle = {Proceedings of the 5th International Conference on Generative Programming and Component Engineering},
	series = {GPCE '06},
	year = {2006},
	isbn = {1-59593-237-2},
	location = {Portland, Oregon, USA},
	pages = {249--254},
	numpages = {6},
	url = {http://doi.acm.org/10.1145/1173706.1173744},
	doi = {10.1145/1173706.1173744},
	acmid = {1173744},
	publisher = {ACM},
	address = {New York, NY, USA}
} 

@misc{atlUserManual,
	title={ATL User Manual},
	howpublished={\url{http://www.eclipse.org/atl/documentation/old/ATL_User_Manual[v0.7].pdf}},
	note={Accessed 01-01-2016}
}

@incollection{sen2009meta,
	year={2009},
	isbn={978-3-642-04424-3},
	booktitle={Model Driven Engineering Languages and Systems},
	volume={5795},
	series={Lecture Notes in Computer Science},
	doi={10.1007/978-3-642-04425-0_4},
	title={{Meta-model Pruning}},
	url={http://dx.doi.org/10.1007/978-3-642-04425-0_4},
	publisher={Springer Berlin Heidelberg},
	author={Sen, Sagar and Moha, Naouel and Baudry, Benoit and J{\'e}z{\'e}quel, Jean-Marc},
	pages={32-46}
}

@misc{mofm2tspec,
	title={{MOF Model To Text Transformation Language (MOFM2T), 1.0}},
	author={Object Management Group},
	howpublished={\url{http://www.omg.org/spec/MOFM2T/1.0/}},
	note={Accessed 01-01-2016}
}

@article{forgy1982rete,
	title = {RETE: A Fast Algorithm for the Many Pattern/many Object Pattern Match Problem},
	journal = {Artificial Intelligence},
	volume = {19},
	number = {1},
	pages = {17--37},
	year = {1982},
	author={Forgy, Charles L},
}

@incollection{kolovos2006epsilon,
	year={2006},
	isbn={978-3-540-35909-8},
	booktitle={Model Driven Architecture – Foundations and Applications},
	volume={4066},
	series={Lecture Notes in Computer Science},
	doi={10.1007/11787044_11},
	title={{The Epsilon Object Language (EOL)}},
	url={http://dx.doi.org/10.1007/11787044_11},
	publisher={Springer Berlin Heidelberg},
	author={Kolovos, DimitriosS. and Paige, RichardF. and Polack, FionaA.C.},
	pages={128-142},
	language={English}
}

@article{skiena1990dijkstra,
	title={Dijkstra's Algorithm},
	author={Skiena, S},
	journal={Implementing Discrete Mathematics: Combinatorics and Graph Theory with Mathematica, Reading, MA: Addison-Wesley},
	pages={225--227},
	year={1990}
}

@misc{zestEclipse,
	title={Zest - Eclipse},
	howpublished={\url{https://www.eclipse.org/gef/zest/}},
	note={Accesse 01-01-2016}
}

@incollection{van2011performance,
	year={2011},
	isbn={978-3-642-21731-9},
	booktitle={Theory and Practice of Model Transformations},
	volume={6707},
	series={Lecture Notes in Computer Science},
	editor={Cabot, Jordi and Visser, Eelco},
	doi={10.1007/978-3-642-21732-6_14},
	title={{Performance in Model Transformations: Experiments with ATL and QVT}},
	url={http://dx.doi.org/10.1007/978-3-642-21732-6_14},
	publisher={Springer Berlin Heidelberg},
	author={Van Amstel, Marcel and Bosems, Steven and Kurtev, Ivan and Pires, Lu{\'\i}s Ferreira},
	pages={198-212}
}

@inproceedings{scheidgen2013reference,
	author = {Scheidgen, Markus},
	title = {{Reference Representation Techniques for Large Models}},
	booktitle = {Proceedings of the Workshop on Scalability in Model Driven Engineering},
	series = {BigMDE '13},
	year = {2013},
	isbn = {978-1-4503-2165-5},
	location = {Budapest, Hungary},
	pages = {5.1--5.9},
	articleno = {5},
	numpages = {9},
	url = {http://doi.acm.org/10.1145/2487766.2487769},
	doi = {10.1145/2487766.2487769},
	acmid = {2487769},
	publisher = {ACM},
	address = {New York, NY, USA}
} 

@inproceedings{kolovos2013research,
	author = {Kolovos, Dimitrios S. and Rose, Louis M. and Matragkas, Nicholas and Paige, Richard F. and Guerra, Esther and Cuadrado, Jes\'{u}s S\'{a}nchez and De Lara, Juan and R\'{a}th, Istv\'{a}n and Varr\'{o}, D\'{a}niel and Tisi, Massimo and Cabot, Jordi},
	title = {{A Research Roadmap Towards Achieving Scalability in Model Driven Engineering}},
	booktitle = {Proceedings of the Workshop on Scalability in Model Driven Engineering},
	series = {BigMDE '13},
	year = {2013},
	isbn = {978-1-4503-2165-5},
	location = {Budapest, Hungary},
	pages = {2:1--2:10},
	articleno = {2},
	numpages = {10},
	url = {http://doi.acm.org/10.1145/2487766.2487768},
	doi = {10.1145/2487766.2487768},
	acmid = {2487768},
	publisher = {ACM},
	address = {New York, NY, USA},
} 


@book{Sommerville2006,
author = {Sommerville, Ian},
publisher = {Addison-Wesley Longman Publishing Co., Inc.},
title = {{Software Engineering}},
year = {2006}
}

















@incollection{rose2010model,
	title={Model migration with epsilon flock},
	author={Rose, Louis M and Kolovos, Dimitrios S and Paige, Richard F and Polack, Fiona AC},
	booktitle={Theory and Practice of Model Transformations},
	pages={184--198},
	year={2010},
	publisher={Springer}
}




@inproceedings{kolovos2006eclipse,
	title={Eclipse development tools for epsilon},
	author={Kolovos, Dimitrios S and Paige, Richard F and Polack, Fiona AC},
	booktitle={Eclipse Summit Europe, Eclipse Modeling Symposium},
	volume={20062},
	pages={200},
	year={2006}
}



@book{kolovos2010epsilon,
	title = {The Epsilon Book},
	publisher = {Eclipse},
	author = {Dimitrios Kolovos and Louis Rose and Richard Paige and A Garcia-Dominguez},
	year = {2010}
}















@inproceedings{mens2005challenges,
	title={Challenges in software evolution},
	author={Mens, Tom and Wermelinger, Michel and Ducasse, St{\'e}phane and Demeyer, Serge and Hirschfeld, Robert and Jazayeri, Mehdi},
	booktitle={Principles of Software Evolution, Eighth International Workshop on},
	pages={13--22},
	year={2005},
	organization={IEEE}
}


















































@misc{facebookFlow,
	title={Flow, a Static Type Checker for JavaScript},
	author={Facebook},
	year={2014},
	howpublished={\url{http://flowtype.org/}}
}

@misc{eclipseCDO,
	title={CDO Model Respository},
	author={Eclipse},
	howpublished={\url{http://www.eclipse.org/cdo/}},
	note={Accessed 15/02/2016}
}


@misc{neo4j,
	title={neo4j},
	author={Neo Technology},
	howpublished={\url{http://neo4j.com/}},
	note={Accessed 15/02/2016}
}



@article{sanchez2008deriving,
	title={{Deriving ocl optimization patterns from benchmarks}},
	author={S{\'a}nchez Cuadrado, Jes{\'u}s and Jouault, Fr{\'e}d{\'e}ric and Garc{\'\i}a-Molina, Jes{\'u}s and B{\'e}zivin, Jean},
	journal={Electronic Communications of the EASST},
	volume={15},
	year={2008}
}














@inproceedings{meijer2004static,
	title={Static typing where possible, dynamic typing when needed: The end of the cold war between programming languages},
	author={Meijer, Erik and Drayton, Peter},
	year={2004},
	organization={Citeseer}
}











@inproceedings{varro2006viatra2,
	title={The {VIATRA2 Transformation Framework: Model Transformation by Graph Transformation}},
	author={Varr{\'o}, D{\'a}niel and Balogh, Andr{\'a}s and Pataricza, Andr{\'a}s},
	booktitle={Eclipse Modeling Symposium},
	year={2006},
	publisher={Citeseer}
}









@inproceedings{wei2014automated,
	title={Automated Analysis, Validation and Suboptimal Code Detection in Model Management Programs.},
	author={Wei, Ran and Kolovos, Dimitris S},
	booktitle={Proc. 2nd International Workshop on Scalable Model Driven Engineering (BigMDE)},
	pages={48--57},
	year={2014}
}

@Inbook{Shah2014,
	author={Shah, Seyyed M.
	and Wei, Ran
	and Kolovos, Dimitrios S.
	and Rose, Louis M.
	and Paige, Richard F.
	and Barmpis, Konstantinos},
	chapter={A Framework to Benchmark NoSQL Data Stores for Large-Scale Model Persistence},
	title={Model-Driven Engineering Languages and Systems: 17th International Conference, MODELS 2014, Valencia, Spain, September 28 -- October 3, 2014. Proceedings},
	year={2014},
	publisher={Springer International Publishing},
	pages={586--601}
}

